@inproceedings{10.1117/12.676301,
author = {Alexander I. Melker and Maria A. Vorobyeva},
title = {{Electronic theory of molecule vibrations}},
volume = {6253},
booktitle = {Ninth International Workshop on Nondestructive Testing and Computer Simulations},
editor = {Alexander I. Melker},
organization = {International Society for Optics and Photonics},
publisher = {SPIE},
pages = {42 -- 56},
year = {2006},
doi = {10.1117/12.676301},
URL = {https://doi.org/10.1117/12.676301}
}
